%% LaTeX2e file `pustaka.bib'
%% from source `kolokium_ekstensi' 
%%

@article{MCCABE,
	author = {A H Watson and T J McCabe},
	title = {Structured Testing: A Testing Methodology
	Using the Cyclomatic Complexity Metric)},
	journaltitle = {NIST Special Publication},
	date = {1996},
	url = {http://www.mccabe.com/pdf/mccabe-nist235r.pdf},
	urldate = {2017-08-14},
}
@book{IRH2014,
	author = {Y Arkeman and Y Herdiyeni and I Hermadi and G F Laxmi},
	title = {Algoritma Genetika Tujuan Jamak (Multi-Objective Genetic Algorithm},
	date = {2014},
	publisher = {IPB Press},
}

@book{HARTWELL2017,
	author = {J Hartwell},
	title = {C\# and XML Primer},
	date = {2017},
	publisher = {Apress},
}
@article{GANSNER2015,
	author = {Emden R. Gansner and Eleftherios Koutsofios and Stephen North},
	title = {Drawing graphs with dot},
	date = {2015},
	url = {www.graphviz.org/pdf/dotguide.pdf},
	urldate = {2017-12-25},
}
@article{HOUCQUE2005,
	author = {David Houcque},
	title = {Intoruction To MATLAB For Engineering Students},
	date = {2015},
	url = {https://www.mccormick.northwestern.edu/documents/students/undergraduate/introduction-to-matlab.pdf},
	urldate = {2017-12-30},
}

@article{ALIMUCAJ2009,
	author = {Aldi Alimucaj},
	title = {Control Flow Graph	Generator Documentation},
	date = {2009},
	url = {http://eclipsefcg.sourceforge.net/Documentation.pdf},
	urldate = {2017-07-19},
}

@book{BASU2015,
	author = {A Basu},
	date = {2015},
	title = {Software Quality Assurance, Testing and Metrics},
	publisher = {PHI Learning Privat Limited},
	url = {https://books.google.co.id/books},
	urldate = {2017-08-14},
}

@book{GLENFORD2012,
	author = {G J Myers and C Sandler and T Badgett},
	date = {2012},
	title = {The Art of Software Testing},
	publisher = {John Willey and Sons, Inc, Hoboken, New York},
	url = {https://books.google.co.id/books},
	urldate = {2017-08-14},
}

@article{KUMAR20168,
	author = {D Kumar and K K Mishra},
	title = {The Impacts of Test Automation on Software’s Cost, Quality and Time to Market},
	journaltitle = {Procedia Computer Science},
	date = {2016},
	volume = {79},
	pages = {8 - 15},
	url = {http://www.science-direct.com/science/article/pii/\\S1877050916001277},
	urldate = {2017-08-20},
}

@article{TIKIR2011,
	author = {M M Tikir and J K Hollingsworth},
	title = {Efficient Instrumentation for Code Coverage Testing},
	journaltitle = {International Journal of Software Engineering and Its Applications}, 
	date = {2011},
	url = {https://www.researchgate.net/publication/2835608_Efficient_Instrumentation_for_Code_Coverage_Testing},
	urldate = {2017-08-21},
}

@thesis{HERMADI2015,
	author = {I Hermadi},
	title = {Path Testing using Genetic Algorithm},
	type = {Disertasi},
	institution = {University of New South Wales},
	date = {2015}
}

@article{SUFFOSPARSER2005,
	author = {S Suffos},
	title = {Matlab Parser},
	date = {2015},
	url = {https://github.com/samuel-suffos/matlab-parser},
	urldate = {2017-12-22},
}
@article{DIXONGRAPHVIZ2013,
author = {J Dixon},
title = {Graphviz.Net C\# Wrapper},
date = {2013},
url = {https://github.com/JamieDixon/GraphViz-C-Sharp-Wrapper},
urldate = {2017-12-22},
}

@article{ELLSONGRAPHVIZ2003,
	author = {J Ellson and E R Gansner and E Koutsofios and S C N,
	and G Woodhull},
	title = {Graphviz and Dynagraph – Static and
	Dynamic Graph Drawing Tools},
	date = {2003},
	url = {https://github.com/JamieDixon/GraphViz-C-Sharp-Wrapper},
	urldate = {2017-08-14},
}