%% LaTeX2e file `pustaka.bib'
%% from source `kolokium_ekstensi' 
%%
@book{Pressman2010,
	author = {RS Pressman},
	date = {2010},
	title = {\textit{Software Enginnering: A Practitioner's Approach, 7th ed}},
	publisher = {McGraw-Hill},
	url = {},
}
@proceedings{Makka2012,
	editor = {D Makka},
	title = {Kebijakan Sub Sektor Peternakan dalam Mendukung Pengembangan Sistem Integrasi Sawit-Sapi},
	date = {2012},
	eventtitle = {Lokakarya Pengembangan Sistem Integrasi Kelapa Sawit},
	eventdate = {2005},
}
@thesis{Kusnandar2004,
	author = {BA Kusnandar},
	title = {Aplikasi Program Linier dengan Microsoft Visual Basic 6.0 Dalam Formulasi Ransum Unggas},
	type = {Skripsi},
	institution = {Departemen Ilmu Nutrisi dan Makanan Ternak, Institut Pertanian Bogor},
	date = {2004},
	pagetotal = {77},
}
@thesis{Muzayyanah2013,
	author = {NS Muzayyanah},
	title = {M-Polfo: Sistem Pakar Formulasi Pakan Unggas Menggunakan Metode \textit{Linier Programming}},
	type = {Skripsi},
	institution = {Departemen Ilmu Komputer, Institut Pertanian Bogor},
	date = {2013},
	pagetotal = {28},
}
@thesis{Rahman2017,
	author = {IA Rahman},
	title = {Formulasi Ransum untuk Kebutuhan Nutrisi Ternak Sapi Potong Menggunakan Pemrograman Linier},
	type = {Skripsi},
	institution = {Departemen Ilmu Komputer, Institut Pertanian Bogor},
	date = {2017},
	pagetotal = {23},
}
@booklet{Shiddieqy2010,
	author = {MI Shiddieqy},
	editor = {Pikiran Rakyat},
	title = {Komputerisasi Formulasi Pakan},
	date = {2010},
	chapter = {1},
	pages = {29},
	url = {http://repository.unpad.ac.id/4583/1/pikiranrakyat-20100204-komputerisasiformulasipakan.pdf},
}
@article{Jayanegara2014,
	author = {A Jayanegara},
	title = {Evaluasi Pemberian Pakan Sapi Perah Laktasi Menggunakan Standar NRC 2001: Studi Kasus Peternakan di Sukabumi},
	date = {2014},
	url = {http://anuragaja.staff.ipb.ac.id/publication/journal/},
	urldate = {2017-08-09},
}
@article{Hidayat2013,
	author = {S Hidayat and I Mukhlas},
	title = {Rancang Bangun dan Implementasi Sistem Pendukung Keputusan Berbasis Web untuk Menentukan Formulasi Ransum Pakan Ternak},
	journaltitle = {Jurnal Sains dan Seni ITS},
	date = {2015},
	volume = {4},
	number = {2},
	url = {https://media.neliti.com/media/publications},
	urldate = {2017-08-09},
}
@article{Wirdasari2009,
	author = {D Wirdasari},
	title = {Metode Simpleks dalam Program Linier},
	journaltitle = {Jurnal Santikom},
	date = {2009},
	volume = {6},
	number = {1},
	url = {https://lppm.trigunadharma.ac.id/public/fileJurnal/72F12-OK-Jurnal4-DW-Program%20Linier.pdf},
}